@book{0,
  title={Parallel and Distributed Simulation Systems},
  author={Richard M. Fujimoto},
  year={1999},
  publisher={Wiley }
}

@article{1,
	author={Giordano, Andrea AND De Rango, Alessio AND  D'Ambrosio, Donato AND Rongo, Rocco AND Spataro, William},
	title={Strategies for Parallel Execution of Cellular Automata in Distributed Memory Architectures},
	journal={27th Euromicro International Conference on Parallel, Distributed and Network-based 		Processing},
	year={2019}
}
